@article{anderson2014subways,
Author = {Anderson, Michael L.},
Title = {Subways, Strikes, and Slowdowns: The Impacts of Public Transit on Traffic Congestion},
Journal = {American Economic Review},
Volume = {104},
Number = {9},
Year = {2014},
Month = {September},
Pages = {2763-96},
DOI = {10.1257/aer.104.9.2763},
URL = {http://www.aeaweb.org/articles?id=10.1257/aer.104.9.2763}}


@article{bajari2007linear,
  title={Linear regression estimation of discrete choice models with nonparametric distributions of random coefficients},
  author={Bajari, Patrick and Fox, Jeremy T and Ryan, Stephen P},
  journal={The American Economic Review},
  volume={97},
  number={2},
  pages={459--463},
  year={2007},
  publisher={JSTOR}
}

@article{basso2014efficiency,
Author = {Basso, Leonardo J. and Silva, Hugo E.},
Title = {Efficiency and Substitutability of Transit Subsidies and Other Urban Transport Policies},
Journal = {American Economic Journal: Economic Policy},
Volume = {6},
Number = {4},
Year = {2014},
Month = {November},
Pages = {1-33},
DOI = {10.1257/pol.6.4.1},
URL = {http://www.aeaweb.org/articles?id=10.1257/pol.6.4.1}}


@article{becker1965theory,
  title={A Theory of the Allocation of Time},
  author={Becker, Gary S},
  journal={The economic journal},
  volume={75},
  number={299},
  pages={493--517},
  year={1965},
  publisher={JSTOR}
}

@article{bhat2000incorporating,
  title={Incorporating observed and unobserved heterogeneity in urban work travel mode choice modeling},
  author={Bhat, Chandra R},
  journal={Transportation Science},
  volume={34},
  number={2},
  pages={228--238},
  year={2000},
  publisher={INFORMS}
}

@article{bento2014effects,
Author = {Bento, Antonio and Kaffine, Daniel and Roth, Kevin and Zaragoza-Watkins, Matthew},
Title = {The Effects of Regulation in the Presence of Multiple Unpriced Externalities: Evidence from the Transportation Sector},
Journal = {American Economic Journal: Economic Policy},
Volume = {6},
Number = {3},
Year = {2014},
Month = {August},
Pages = {1-29},
DOI = {10.1257/pol.6.3.1},
URL = {http://www.aeaweb.org/articles?id=10.1257/pol.6.3.1}}

@article {brookingsinstitute2013,
    author  = {{Brookings Institute}},
    title   = {Sao Paulo Metropolitan Area Profile},
    journal = {Global Cities Initiative},
    year    = "2013"}

@article{cervero2013linking,
  title={Linking urban transport and land use in developing countries},
  author={Cervero, Robert B},
  journal={Journal of Transport and Land Use},
  volume={6},
  number={1},
  pages={7--24},
  year={2013}
}


@article{davis2008effect,
  title={The effect of driving restrictions on air quality in Mexico City},
  author={Davis, Lucas W},
  journal={Journal of Political Economy},
  volume={116},
  number={1},
  pages={38--81},
  year={2008},
  publisher={JSTOR}
}

@article{deserpa1971theory,
  title={A theory of the economics of time},
  author={DeSerpa, Allan C},
  journal={The Economic Journal},
  volume={81},
  number={324},
  pages={828--846},
  year={1971},
  publisher={JSTOR}
}


@techreport{fosgerau2007competing,
  title={Competing methods for representing random taste heterogeneity in discrete choice models},
  author={Fosgerau, Mogens and Hess, Stephane and others},
  year={2007},
  institution={Working paper, Danish Transport Research Institute, Copenhagen}
}

@book{glaeser2011triumph,
  title={Triumph of the city: How urban spaces make us human},
  author={Glaeser, Edward},
  year={2011},
  publisher={Pan Macmillan}
}


@article{kutzbach2009motorization,
title = "Motorization in developing countries: Causes, consequences, and effectiveness of policy options ",
journal = "Journal of Urban Economics ",
volume = "65",
number = "2",
pages = "154 - 166",
year = "2009",
note = "",
issn = "0094-1190",
doi = "http://dx.doi.org/10.1016/j.jue.2008.10.002",
url = "http://www.sciencedirect.com/science/article/pii/S0094119008001101",
author = "Mark J. Kutzbach",
keywords = "Motorization",
keywords = "Mode choice",
keywords = "Congestion",
keywords = "Urban growth",
keywords = "Developing countries "
}

@article{mcfadden2000mixed,
  title={Mixed MNL models for discrete response},
  author={McFadden, Daniel and Train, Kenneth and others},
  journal={Journal of applied Econometrics},
  volume={15},
  number={5},
  pages={447--470},
  year={2000},
  publisher={JSTOR}
}

@techreport{metro2013pesquisa,
     title = {{Pesquisa de Mobilidade 2012 – Síntese das Informações}},
     year = {2013},
     author = {METRO}
     institution = {Companhia do Metropolitano de São Paulo},
     url = "http://www.metro.sp.gov.br/metro/arquivos/mobilidade-2012/relatorio-sintese-pesquisa-mobilidade-2012.pdf",
}

@article{oort1969evaluation,
  title={The evaluation of travelling time},
  author={Oort, Coenraad Jan},
  journal={Journal of transport economics and policy},
  pages={279--286},
  year={1969},
  publisher={JSTOR}
}

@article{parry2009should,
Author = {Parry, Ian W. H. and Small, Kenneth A.},
Title = {Should Urban Transit Subsidies Be Reduced?},
Journal = {American Economic Review},
Volume = {99},
Number = {3},
Year = {2009},
Month = {June},
Pages = {700-724},
DOI = {10.1257/aer.99.3.700},
URL = {http://www.aeaweb.org/articles?id=10.1257/aer.99.3.700}}


@article{parry2005does,
Author = {Parry, Ian W. H. and Small, Kenneth A.},
Title = {Does Britain or the United States Have the Right Gasoline Tax?},
Journal = {American Economic Review},
Volume = {95},
Number = {4},
Year = {2005},
Month = {September},
Pages = {1276-1289},
DOI = {10.1257/0002828054825510},
URL = {http://www.aeaweb.org/articles?id=10.1257/0002828054825510}}


@article{proost2008optimal,
title = "Optimal urban transport pricing in the presence of congestion, economies of density and costly public funds ",
journal = "Transportation Research Part A: Policy and Practice ",
volume = "42",
number = "9",
pages = "1220 - 1230",
year = "2008",
note = "Institutional Reform in Land Passenger Transport ",
issn = "0965-8564",
doi = "http://dx.doi.org/10.1016/j.tra.2008.03.009",
url = "http://www.sciencedirect.com/science/article/pii/S0965856408000864",
author = "Stef Proost and Kurt Van Dender",
keywords = "Transport",
keywords = "Congestion",
keywords = "Transit "
}



@article{prudhomme2005london,
title = "The London congestion charge: a tentative economic appraisal ",
journal = "Transport Policy ",
volume = "12",
number = "3",
pages = "279 - 287",
year = "2005",
note = "",
issn = "0967-070X",
doi = "http://dx.doi.org/10.1016/j.tranpol.2005.03.001",
url = "http://www.sciencedirect.com/science/article/pii/S0967070X05000296",
author = "R�my Prud'homme and Juan Pablo Bocarejo"
}


@article{sasic2013modelling,
  title={Modelling departure time choices by a Heteroskedastic Generalized Logit (Het-GenL) model: An investigation on home-based commuting trips in the Greater Toronto and Hamilton Area (GTHA)},
  author={Sasic, Ana and Habib, Khandker Nurul},
  journal={Transportation Research Part A: Policy and Practice},
  volume={50},
  pages={15--32},
  year={2013},
  publisher={Elsevier}
}

@article{small1982scheduling,
  title={The scheduling of consumer activities: work trips},
  author={Small, Kenneth A},
  journal={The American Economic Review},
  volume={72},
  number={3},
  pages={467--479},
  year={1982},
  publisher={JSTOR}
}

@article {small2005uncovering,
author = {Small, Kenneth A. and Winston, Clifford and Yan, Jia},
title = {Uncovering the Distribution of Motorists' Preferences for Travel Time and Reliability},
journal = {Econometrica},
volume = {73},
number = {4},
publisher = {Blackwell Publishing Ltd},
issn = {1468-0262},
url = {http://dx.doi.org/10.1111/j.1468-0262.2005.00619.x},
doi = {10.1111/j.1468-0262.2005.00619.x},
pages = {1367--1382},
keywords = {Mixed logit, stated preference, congestion pricing, product differentiation, value of time},
year = {2005},
}

@article{small2012valuation,
title = "Valuation of travel time ",
journal = "Economics of Transportation ",
volume = "1",
number = "1–2",
pages = "2 - 14",
year = "2012",
note = "",
issn = "2212-0122",
doi = "http://dx.doi.org/10.1016/j.ecotra.2012.09.002",
url = "http://www.sciencedirect.com/science/article/pii/S2212012212000093",
author = "Kenneth A. Small",
keywords = "Value of time",
keywords = "Value of reliability",
keywords = "Time of day",
keywords = "Heterogeneity "
}

@article{train2008algorithms,
  title={EM algorithms for nonparametric estimation of mixing distributions},
  author={Train, Kenneth E},
  journal={Journal of Choice Modelling},
  volume={1},
  number={1},
  pages={40--69},
  year={2008},
  publisher={Elsevier}
}

@article{train2016mixed,
  title={Mixed Logit with a Flexible Mixing Distribution},
  author={Train, Kenneth},
  journal={University of California, Berkeley},
  year={2016}
}

@article{tseng2008value,
  title={Value of time by time of day: A stated-preference study},
  author={Tseng, Yin-Yen and Verhoef, Erik T},
  journal={Transportation Research Part B: Methodological},
  volume={42},
  number={7},
  pages={607--618},
  year={2008},
  publisher={Elsevier}
}

@Report{united2014world,
  title={World urbanization prospects: the 2014 revision},
  author={UN},
  institution={United Nations, Department of Economic and Social Affairs, Population Division },
  journal={Population Estimates and Projections Section, New York},
  year={2014}
}


@article{vickrey1969congestion,
  title={Congestion theory and transport investment},
  author={Vickrey, William S},
  journal={The American Economic Review},
  volume={59},
  number={2},
  pages={251--260},
  year={1969},
  publisher={JSTOR}
}